@inproceedings{honda2008multiparty,
  title={Multiparty asynchronous session types},
  author={Honda, Kohei and Yoshida, Nobuko and Carbone, Marco},
  booktitle={Proceedings of the 35th annual ACM SIGPLAN-SIGACT symposium on Principles of programming languages},
  pages={273--284},
  year={2008}
}