
@book{bishop2016pattern,
  title={Pattern Recognition and Machine Learning},
  author={Bishop, C.M.},
  isbn={9781493938438},
  lccn={2006922522},
  series={Information Science and Statistics},
  url={https://books.google.com.vn/books?id=kOXDtAEACAAJ},
  year={2016},
  publisher={Springer New York}
}

@article{2024swcnn,
   title={A self-supervised CNN for image watermark removal},
   author={Tian, Chunwei and Zheng, Menghua and Jiao, Tiancai and Zuo, Wangmeng and Zhang, Yanning and Lin, Chia-Wen},
   journal={IEEE Transactions on Circuits and Systems for Video Technology},
  year={2024},
 publisher={IEEE}
}


@book{murphy2012machine,
  title={Machine learning: a probabilistic perspective},
  author={Murphy, Kevin P},
  year={2012},
  publisher={MIT press}
}

@article{cao2019generative,
  title={Generative adversarial networks model for visible watermark removal},
  author={Cao, Zhiyi and Niu, Shaozhang and Zhang, Jiwei and Wang, Xinyi},
  journal={IET Image Processing},
  volume={13},
  number={10},
  pages={1783--1789},
  year={2019},
  publisher={Wiley Online Library}
}

@article{blei2003latent,
  title={Latent dirichlet allocation},
  author={Blei, David M and Ng, Andrew Y and Jordan, Michael I},
  journal={the Journal of machine Learning research},
  volume={3},
  pages={993--1022},
  year={2003},
  publisher={JMLR. org}
}


@article{luo2020topic,
  title={Topic modelling for theme park online reviews: analysis of Disneyland},
  author={Luo, Jian Ming and Vu, Huy Quan and Li, Gang and Law, Rob},
  journal={Journal of Travel \& Tourism Marketing},
  volume={37},
  number={2},
  pages={272--285},
  year={2020},
  publisher={Taylor \& Francis}
}





@inproceedings{arun2010finding,
  title={On finding the natural number of topics with latent dirichlet allocation: Some observations},
  author={Arun, Rajkumar and Suresh, Venkatasubramaniyan and Madhavan, CE Veni and Murthy, MN Narasimha},
  booktitle={Pacific-Asia conference on knowledge discovery and data mining},
  pages={391--402},
  year={2010},
  organization={Springer}
}


@article{gimpel2006modeling,
  title={Modeling topics},
  author={Gimpel, Kevin},
  journal={Inform. Retrieval},
  volume={5},
  pages={1--23},
  year={2006},
  publisher={Citeseer}
}






















@article{vu2019discovering,
  title={Discovering implicit activity preferences in travel itineraries by topic modeling},
  author={Vu, Huy Quan and Li, Gang and Law, Rob},
  journal={Tourism Management},
  volume={75},
  pages={435--446},
  year={2019},
  publisher={Elsevier}
}











@inproceedings{hofmann1999probabilistic,
  title={Probabilistic latent semantic indexing},
  author={Hofmann, Thomas},
  booktitle={Proceedings of the 22nd annual international ACM SIGIR conference on Research and development in information retrieval},
  pages={50--57},
  year={1999}
}

@inproceedings{mimno2011optimizing,
  title={Optimizing semantic coherence in topic models},
  author={Mimno, David and Wallach, Hanna and Talley, Edmund and Leenders, Miriam and McCallum, Andrew},
  booktitle={Proceedings of the 2011 conference on empirical methods in natural language processing},
  pages={262--272},
  year={2011}
}

@article{nigam2000text,
  title={Text classification from labeled and unlabeled documents using EM},
  author={Nigam, Kamal and McCallum, Andrew Kachites and Thrun, Sebastian and Mitchell, Tom},
  journal={Machine learning},
  volume={39},
  number={2},
  pages={103--134},
  year={2000},
  publisher={Springer}
}