@misc{rfc793,
    series =    {Request for Comments},
    number =    793,
    howpublished =  {RFC 793},
    publisher = {RFC Editor},
    doi =       {10.17487/RFC0793},
    url =       {https://www.rfc-editor.org/info/rfc793},
    author =    {},
    title =     {{Transmission Control Protocol}},
    pagetotal = 91,
    year =      1981,
    month =     sep,
    abstract =  {},
}